<record><leader>00000cas a22000007a 4500</leader><controlfield tag="001">13039768</controlfield><controlfield tag="008">860120d18481850inuwr ne      0    0eng d</controlfield><datafield ind1=" " ind2=" " tag="010"><subfield code="a">sn 86058197 </subfield></datafield><datafield ind1=" " ind2=" " tag="040"><subfield code="a">NPI</subfield><subfield code="b">eng</subfield><subfield code="c">NPI</subfield><subfield code="d">DLC</subfield><subfield code="d">OCL</subfield><subfield code="d">IUL</subfield><subfield code="d">OCLCF</subfield></datafield><datafield ind1=" " ind2=" " tag="042"><subfield code="a">msc</subfield></datafield><datafield ind1=" " ind2=" " tag="043"><subfield code="a">n-us-in</subfield></datafield><datafield ind1="0" ind2="0" tag="245"><subfield code="a">Free territory sentinel.</subfield></datafield><datafield ind1=" " ind2=" " tag="260"><subfield code="a">Centreville, Ind. :</subfield><subfield code="b">Vaile &amp; Smith,</subfield><subfield code="c">1848-</subfield></datafield><datafield ind1=" " ind2=" " tag="300"><subfield code="a">v. :</subfield><subfield code="b">ill. ;</subfield><subfield code="c">58 cm.</subfield></datafield><datafield ind1=" " ind2=" " tag="310"><subfield code="a">Weekly</subfield></datafield><datafield ind1="0" ind2=" " tag="362"><subfield code="a">Vol. 1, no. 1 (Aug. 16, 1848)-</subfield></datafield><datafield ind1="1" ind2=" " tag="362"><subfield code="a">Ceased on Jan. 2, 1850.</subfield></datafield><datafield ind1=" " ind2="0" tag="651"><subfield code="a">Centerville (Wayne County, Ind.)</subfield><subfield code="v">Newspapers.</subfield></datafield><datafield ind1=" " ind2="0" tag="651"><subfield code="a">Wayne County (Ind.)</subfield><subfield code="v">Newspapers.</subfield></datafield><datafield ind1=" " ind2="7" tag="651"><subfield code="a">Indiana</subfield><subfield code="z">Centerville (Wayne County)</subfield><subfield code="2">fast</subfield><subfield code="0">(OCoLC)fst01315982</subfield></datafield><datafield ind1=" " ind2="7" tag="651"><subfield code="a">Indiana</subfield><subfield code="z">Wayne County.</subfield><subfield code="2">fast</subfield><subfield code="0">(OCoLC)fst01218729</subfield></datafield><datafield ind1=" " ind2="7" tag="655"><subfield code="a">Newspapers.</subfield><subfield code="2">fast</subfield><subfield code="0">(OCoLC)fst01423814</subfield></datafield><datafield ind1=" " ind2=" " tag="752"><subfield code="a">United States</subfield><subfield code="b">Indiana</subfield><subfield code="c">Wayne</subfield><subfield code="d">Centerville.</subfield></datafield><datafield ind1="0" ind2="5" tag="780"><subfield code="t">Anti-slavery chronicle and free labor advocate</subfield><subfield code="g">1848</subfield><subfield code="w">(DLC)sn 86058199</subfield><subfield code="w">(OCoLC)12653464</subfield></datafield><datafield ind1="0" ind2="0" tag="785"><subfield code="t">Indiana true Democrat</subfield><subfield code="w">(DLC)sn 82015176</subfield><subfield code="w">(OCoLC)8804561</subfield></datafield></record>